@article{boost-var,
	author = {Leo Breiman},
	title = {Bias, {V}ariance and {A}rcing {C}lassifiers},
	year = {1996}
}

@article{gd-original,
	author	= {M. Augustine Cauchy},
	title	= {M\'ethode g\'en\'erale pour la r\'esolution des syst'emes d'\'equations simultan\'ees},
	year	= {1847},
	joural	= {C. R. Acad. Sci. Paris}
}

@article{adaboost,
	author = {Y. Freund and R. Schapire},
	title = {A desicion-theoretic generalization of on-line learning and an application to boosting},
	journal = {Computational learning theory, pp. 23â€“37, Springer},
	year = {1995}
}

@article{gbm,
	author = {J. H. Friedman},
	year = {2001},
	title = {Greedy function approximation: a gradient boosting machine},
	journal = {Annals of statistics}
}

@book{anyboost,
	author = {Llew Mason and Peter Bartlett and Jonathan Baxter and Marcus Frean},
	title = {Boosting Algorithms as Gradient Descent},
 	booktitle = {Proceedings of the 12th International Conference on Neural Information Processing Systems},
 	series = {NIPS'99},
 	year = {1999},
 	location = {Denver, CO},
 	pages = {512--518},
	numpages = {7},
	url = {http://dl.acm.org/citation.cfm?id=3009657.3009730},
	acmid = {3009730},
	publisher = {MIT Press},
	address = {Cambridge, MA, USA},
} 


@Article{functionspace,
	author="Nathan D. Ratliff and David Silver and J. Andrew Bagnell",
	title="Learning to search: Functional gradient techniques for imitation learning",
	journal="Autonomous Robots",
	year="2009",
	month="Jul",
	day="01",
	volume="27",
	number="1",
	pages="25--53",
	issn="1573-7527",
	doi="10.1007/s10514-009-9121-3",
	url="https://doi.org/10.1007/s10514-009-9121-3"
}

@article{additive,
	author = "Jerome Friedman and Trevor Hastie and Robert Tibshirani",
	doi = "10.1214/aos/1016218223",
	fjournal = "The Annals of Statistics",
	journal = "Ann. Statist.",
	month = "04",
	number = "2",
	pages = "337--407",
	publisher = "The Institute of Mathematical Statistics",
	title = "Additive logistic regression: a statistical view of boosting",
	url = "https://doi.org/10.1214/aos/1016218223",
	volume = "28",
	year = "2000"
}

@article{fgt,
	author = {L. Mason and J, Baxter and P. L. Bartlett and M. Frean},
	title = {Functional gradient techniques for combining hypotheses},
	journal = {MIT Press},
	year = {1999}
}

@book{ConcreteMath,
		author = "R.L. Graham and D.E. Knuth and O. Patashnik",
		title = "Concrete mathematics",
		publisher = "Addison-Wesley",
		address = "Reading, MA",
		year = "1989"
}

@unpublished{Simpson,
		author = "H. Simpson",
		title = "Proof of the {R}iemann {H}ypothesis",
		note = "preprint (2003), available at
		\texttt{http://www.math.drofnats.edu/riemann.ps}",
		year = "2003"
}

@incollection{Er01,
		author = "P. Erd{\H o}s",
		title = "A selection of problems and results in combinatorics",
		booktitle = "Recent trends in combinatorics (Matrahaza, 1995)",
		publisher = "Cambridge Univ. Press",
		address = "Cambridge",
		pages = "1--6",
		year = "1995"
}
@article{greenwade93,
	author  = "George D. Greenwade",
	title   = "The {C}omprehensive {T}ex {A}rchive {N}etwork ({CTAN})",
	year    = "1993",
	journal = "TUGBoat",
	volume  = "14",
	number  = "3",
	pages   = "342--351"
}

@article{cvx-boosting,
  title={Generalized boosting algorithms for convex optimization},
  author={Grubb, Alexander and Bagnell, J Andrew},
  journal={arXiv preprint arXiv:1105.2054},
  year={2011}
}

@book{uml-tta,
 author = {Shalev Shwartz, Shai and Ben David, Shai},
 title = {Understanding Machine Learning: From Theory to Algorithms},
 year = {2014},
 isbn = {1107057132, 9781107057135},
 publisher = {Cambridge University Press},
 address = {New York, NY, USA},
} 
